<record><leader>00000cas a22000007a 4500</leader><controlfield tag="001">9390000</controlfield><controlfield tag="008">830408d19091952mtuwr ne      0   a0eng d</controlfield><controlfield tag="009">3770</controlfield><datafield ind1=" " ind2=" " tag="010"><subfield code="a">sn 83025324 </subfield></datafield><datafield ind1=" " ind2=" " tag="040"><subfield code="a">NPV</subfield><subfield code="b">eng</subfield><subfield code="c">NPV</subfield><subfield code="d">MTL</subfield></datafield><datafield ind1="1" ind2=" " tag="029"><subfield code="a">AU@</subfield><subfield code="b">000025811526</subfield></datafield><datafield ind1=" " ind2=" " tag="042"><subfield code="a">msc</subfield></datafield><datafield ind1=" " ind2=" " tag="043"><subfield code="a">n-us-mt</subfield></datafield><datafield ind1=" " ind2=" " tag="045"><subfield code="a">x0x-</subfield></datafield><datafield ind1=" " ind2=" " tag="052"><subfield code="a">4253</subfield><subfield code="b">P6</subfield></datafield><datafield ind1="0" ind2="4" tag="245"><subfield code="a">The Valerian.</subfield></datafield><datafield ind1="0" ind2="0" tag="246"><subfield code="a">Valier valerian</subfield></datafield><datafield ind1=" " ind2=" " tag="260"><subfield code="a">Valier, Mont. :</subfield><subfield code="b">R.L. Dewar,</subfield><subfield code="c">1909-1952.</subfield></datafield><datafield ind1=" " ind2=" " tag="300"><subfield code="a">42 v. :</subfield><subfield code="b">ill. ;</subfield><subfield code="c">57 cm.</subfield></datafield><datafield ind1=" " ind2=" " tag="310"><subfield code="a">Weekly</subfield></datafield><datafield ind1="0" ind2=" " tag="362"><subfield code="a">Vol. 1, no. 1 (Oct. 1, 1909)-v. 42, no. 52 (Nov. 13, 1952).</subfield></datafield><datafield ind1=" " ind2=" " tag="500"><subfield code="a">Title varies slightly: Valier valerian, Oct. 1, 1909 only.</subfield></datafield><datafield ind1=" " ind2=" " tag="500"><subfield code="a">"Politically the Valerian will support the Republican Party," 1909-1920; "politically independent," 1920-1952.</subfield></datafield><datafield ind1=" " ind2=" " tag="500"><subfield code="a">"Official paper for Pondera County," 1937-1938, 1941-1942, 1945.</subfield></datafield><datafield ind1=" " ind2=" " tag="500"><subfield code="a">Editor: R.L. Dewar, Oct. 1, 1909-July 25, 1913; Ralph H. Kelley, Aug. 1, 1913-Sept. 24, 1915; H.F. Laeuger, Oct. 1, 1915-Sept. 29, 1916; W.T. Hill, Oct. 6, 1916-June 22, 1917; Franklin J. Becker, July 13-Nov. 9, 1917; S.F. Hickman, Nov. 30, 1917-Feb. &lt;8&gt;, 1918; Leroy Wright, &lt;Apr. 12&gt;-May 10, 1918; G.M. Moss, May 17, 1918-&lt;1920&gt;; Sam M. Rule, &lt;1920-1929&gt;; L.K. Lathrop, &lt;1931&gt;; Thomas A. Busey, &lt;Nov. 14, 1935&gt;-May 4, 1939; Charles L. Wilson, July 20, 1939-Mar. 11, 1943; Tom D. Caverly, Apr. 15, 1943-Feb. 27, 1947; Thomas A. Caverly, Mar. 6, 1947-Nov. 13, 1952.</subfield></datafield><datafield ind1="1" ind2=" " tag="700"><subfield code="a">Dewar, R. L.</subfield></datafield><datafield ind1=" " ind2=" " tag="752"><subfield code="a">United States</subfield><subfield code="b">Montana</subfield><subfield code="c">Pondera</subfield><subfield code="d">Valier.</subfield></datafield><datafield ind1="0" ind2="4" tag="785"><subfield code="t">Independent-observer (Conrad, Mont.)</subfield><subfield code="g">Nov. 20, 1952</subfield><subfield code="w">(DLC)sn 85053065</subfield></datafield></record>